# papers cited Mavris----------------------------------------------------------
# aerodynamicShapeOptimization.pdf
@article{li2022machine,
  title={Machine learning in aerodynamic shape optimization},
  author={Li, Jichao and Du, Xiaosong and Martins, Joaquim RRA},
  journal={Progress in Aerospace Sciences},
  volume={134},
  pages={100849},
  year={2022},
  publisher={Elsevier}
}

# airfoil_analysis_and_designOptimization.pdf
@article{li2019data,
  title={Data-based approach for fast airfoil analysis and optimization},
  author={Li, Jichao and Bouhlel, Mohamed Amine and Martins, Joaquim RRA},
  journal={AIAA Journal},
  volume={57},
  number={2},
  pages={581--596},
  year={2019},
  publisher={American Institute of Aeronautics and Astronautics}
}

# airfoil_shape_design_scalableGradient.pdf
@article{bouhlel2020scalable,
  title={Scalable gradient--enhanced artificial neural networks for airfoil shape design in the subsonic and transonic regimes},
  author={Bouhlel, Mohamed Amine and He, Sicheng and Martins, Joaquim RRA},
  journal={Structural and Multidisciplinary Optimization},
  volume={61},
  pages={1363--1376},
  year={2020},
  publisher={Springer}
}

# AirfoilGAN_designOptimization.pdf
@article{wang2021airfoil,
  title={Airfoil gan: Encoding and synthesizing airfoils foraerodynamic-aware shape optimization},
  author={Wang, Yuyang and Shimada, Kenji and Farimani, Amir Barati},
  journal={arXiv preprint arXiv:2101.04757},
  year={2021}
}

# CNN_AutoEncoder_FlowPrediction.pdf
@article{morimoto2021convolutional,
  title={Convolutional neural networks for fluid flow analysis: toward effective metamodeling and low dimensionalization},
  author={Morimoto, Masaki and Fukami, Kai and Zhang, Kai and Nair, Aditya G and Fukagata, Koji},
  journal={Theoretical and Computational Fluid Dynamics},
  volume={35},
  number={5},
  pages={633--658},
  year={2021},
  publisher={Springer}
}

# conditionalGAN_airfoilDesignOptimization.pdf
@inproceedings{achour2020development,
  title={Development of a conditional generative adversarial network for airfoil shape optimization},
  author={Achour, Gabriel and Sung, Woong Je and Pinon-Fischer, Olivia J and Mavris, Dimitri N},
  booktitle={AIAA Scitech 2020 Forum},
  pages={2261},
  year={2020}
}

# dualCNN_AD_prediction.pdf
@article{wang2021dual,
  title={Dual-convolutional neural network based aerodynamic prediction and multi-objective optimization of a compact turbine rotor},
  author={Wang, Yuqi and Liu, Tianyuan and Zhang, Di and Xie, Yonghui},
  journal={Aerospace Science and Technology},
  volume={116},
  pages={106869},
  year={2021},
  publisher={Elsevier}
}

# GNN_FlowPrediction.pdf
@article{chen2021graph,
  title={Graph neural networks for laminar flow prediction around random two-dimensional shapes},
  author={Chen, Junfeng and Hachem, Elie and Viquerat, Jonathan},
  journal={Physics of Fluids},
  volume={33},
  number={12},
  pages={123607},
  year={2021},
  publisher={AIP Publishing LLC}
}

# invDesign_af_CNN.pdf
@article{sekar2019inverse,
  title={Inverse design of airfoil using a deep convolutional neural network},
  author={Sekar, Vinothkumar and Zhang, Mengqi and Shu, Chang and Khoo, Boo Cheong},
  journal={Aiaa Journal},
  volume={57},
  number={3},
  pages={993--1003},
  year={2019},
  publisher={American Institute of Aeronautics and Astronautics}
}

# InvertibleNN_airfoilDesign.pdf
@article{glaws2022invertible,
  title={Invertible neural networks for airfoil design},
  author={Glaws, Andrew and King, Ryan N and Vijayakumar, Ganesh and Ananthan, Shreyas},
  journal={AIAA Journal},
  volume={60},
  number={5},
  pages={3035--3047},
  year={2022},
  publisher={American Institute of Aeronautics and Astronautics}
}

# ML_in_flowModeling_and_Control.pdf
@article{li2022recent,
  title={Recent progress of machine learning in flow modeling and active flow control},
  author={Li, Yunfei and Chang, Juntao and Kong, Chen and Bao, Wen},
  journal={Chinese Journal of Aeronautics},
  volume={35},
  number={4},
  pages={14--44},
  year={2022},
  publisher={Elsevier}
}

# NeurIPS-2020-solver-in-the-loop-learning-from-differentiable-physics-to-interact-with-iterative-pde-solvers-Paper.pdf
@article{um2020solver,
  title={Solver-in-the-loop: Learning from differentiable physics to interact with iterative pde-solvers},
  author={Um, Kiwon and Brand, Robert and Fei, Yun Raymond and Holl, Philipp and Thuerey, Nils},
  journal={Advances in Neural Information Processing Systems},
  volume={33},
  pages={6111--6122},
  year={2020}
}

# PGML_simplifiedTheories.pdf
@article{pawar2021physics,
  title={Physics guided machine learning using simplified theories},
  author={Pawar, Suraj and San, Omer and Aksoylu, Burak and Rasheed, Adil and Kvamsdal, Trond},
  journal={Physics of Fluids},
  volume={33},
  number={1},
  pages={011701},
  year={2021},
  publisher={AIP Publishing LLC}
}

# PhysicsBasedConstraint_AD_shapeOptimization.pdf
@article{li2022physics,
  title={Physics-based data-driven buffet-onset constraint for aerodynamic shape optimization},
  author={Li, Jichao and He, Sicheng and Zhang, Mengqi and Martins, Joaquim RRA and Cheong Khoo, Boo},
  journal={AIAA Journal},
  volume={60},
  number={8},
  pages={4775--4788},
  year={2022},
  publisher={American Institute of Aeronautics and Astronautics}
}

# PointNet_FlowFieldPrediction.pdf
@article{kashefi2021point,
  title={A point-cloud deep learning framework for prediction of fluid flow fields on irregular geometries},
  author={Kashefi, Ali and Rempe, Davis and Guibas, Leonidas J},
  journal={Physics of Fluids},
  volume={33},
  number={2},
  pages={027104},
  year={2021},
  publisher={AIP Publishing LLC}
}

# ROM_temporalCNN.pdf
@article{wu2020data,
  title={Data-driven reduced order model with temporal convolutional neural network},
  author={Wu, Pin and Sun, Junwu and Chang, Xuting and Zhang, Wenjie and Arcucci, Rossella and Guo, Yike and Pain, Christopher C},
  journal={Computer Methods in Applied Mechanics and Engineering},
  volume={360},
  pages={112766},
  year={2020},
  publisher={Elsevier}
}

# super-resolution-reconstruction-of-turbulent-flows-with-machine-learning.pdf
@article{fukami2019super,
  title={Super-resolution reconstruction of turbulent flows with machine learning},
  author={Fukami, Kai and Fukagata, Koji and Taira, Kunihiko},
  journal={Journal of Fluid Mechanics},
  volume={870},
  pages={106--120},
  year={2019},
  publisher={Cambridge University Press}
}

# surrograteModelling_ADdesign.pdf
@article{sun2019review,
  title={A review of the artificial neural network surrogate modeling in aerodynamic design},
  author={Sun, Gang and Wang, Shuyue},
  journal={Proceedings of the Institution of Mechanical Engineers, Part G: Journal of Aerospace Engineering},
  volume={233},
  number={16},
  pages={5863--5872},
  year={2019},
  publisher={SAGE Publications Sage UK: London, England}
}

# UNet_RANS_airfoilFlow.pdf
@article{thuerey2020deep,
  title={Deep learning methods for Reynolds-averaged Navier--Stokes simulations of airfoil flows},
  author={Thuerey, Nils and Wei{\ss}enow, Konstantin and Prantl, Lukas and Hu, Xiangyu},
  journal={AIAA Journal},
  volume={58},
  number={1},
  pages={25--36},
  year={2020},
  publisher={American Institute of Aeronautics and Astronautics}
}

# wingDesignOptimization.pdf
@article{li2021data,
  title={Data-based approach for wing shape design optimization},
  author={Li, Jichao and Zhang, Mengqi},
  journal={Aerospace Science and Technology},
  volume={112},
  pages={106639},
  year={2021},
  publisher={Elsevier}
}

# PINN papers referring Raissi-------------------------------------------------
# Maziar Raisi first paper
@article{raissi2017physics,
  title={Physics informed deep learning (part i): Data-driven solutions of nonlinear partial differential equations},
  author={Raissi, Maziar and Perdikaris, Paris and Karniadakis, George Em},
  journal={arXiv preprint arXiv:1711.10561},
  year={2017}
}

# Mariar Raissi paper
@article{raissi2019physics,
  title={Physics-informed neural networks: A deep learning framework for solving forward and inverse problems involving nonlinear partial differential equations},
  author={Raissi, Maziar and Perdikaris, Paris and Karniadakis, George E},
  journal={Journal of Computational physics},
  volume={378},
  pages={686--707},
  year={2019},
  publisher={Elsevier}
}

# DeepGalerkinMethod_PDESol.pdf
@article{sirignano2018dgm,
  title={DGM: A deep learning algorithm for solving partial differential equations},
  author={Sirignano, Justin and Spiliopoulos, Konstantinos},
  journal={Journal of computational physics},
  volume={375},
  pages={1339--1364},
  year={2018},
  publisher={Elsevier}
}

# karniadakis-highSpeed-flows-22.pdf
@article{mao2020physics,
  title={Physics-informed neural networks for high-speed flows},
  author={Mao, Zhiping and Jagtap, Ameya D and Karniadakis, George Em},
  journal={Computer Methods in Applied Mechanics and Engineering},
  volume={360},
  pages={112789},
  year={2020},
  publisher={Elsevier}
}

# NSFNets_PINN_NavierStokes.pdf
@article{jin2021nsfnets,
  title={NSFnets (Navier-Stokes flow nets): Physics-informed neural networks for the incompressible Navier-Stokes equations},
  author={Jin, Xiaowei and Cai, Shengze and Li, Hui and Karniadakis, George Em},
  journal={Journal of Computational Physics},
  volume={426},
  pages={109951},
  year={2021},
  publisher={Elsevier}
}

# PINN_for_FM.pdf
@article{cai2021physics,
  title={Physics-informed neural networks (PINNs) for fluid mechanics: A review},
  author={Cai, Shengze and Mao, Zhiping and Wang, Zhicheng and Yin, Minglang and Karniadakis, George Em},
  journal={Acta Mechanica Sinica},
  volume={37},
  number={12},
  pages={1727--1738},
  year={2021},
  publisher={Springer}
}

# dwivedi2020.pdf
@article{dwivedi2021distributed,
  title={Distributed learning machines for solving forward and inverse problems in partial differential equations},
  author={Dwivedi, Vikas and Parashar, Nishant and Srinivasan, Balaji},
  journal={Neurocomputing},
  volume={420},
  pages={299--316},
  year={2021},
  publisher={Elsevier}
}

# NeurIPSW2020_ConvNeuralODE_RG.pdf
@inproceedings{shankar2020learning,
  title={Learning non-linear spatio-temporal dynamics with convolutional Neural ODEs},
  author={Shankar, Varun and Portwood, G and Mohan, A and Mitra, P and Rackauckas, Christopher and Wilson, L and Schmidt, David and Viswanathan, Venkatasubramanian},
  booktitle={Third Workshop on Machine Learning and the Physical Sciences (NeurIPS 2020)},
  year={2020}
}

# papers from karniadakis high speed flows-------------------------------------
# pang2019.pdf
@article{pang2019fpinns,
  title={fPINNs: Fractional physics-informed neural networks},
  author={Pang, Guofei and Lu, Lu and Karniadakis, George Em},
  journal={SIAM Journal on Scientific Computing},
  volume={41},
  number={4},
  pages={A2603--A2626},
  year={2019},
  publisher={SIAM}
}

# PI_GANs_karniadkis.pdf
@article{yang2018physics,
  title={Physics-informed generative adversarial networks for stochastic differential equations},
  author={Yang, Liu and Zhang, Dongkun and Karniadakis, George Em},
  journal={arXiv preprint arXiv:1811.02033},
  year={2018}
}

# DE_sol_using_DNN_Hatch.pdf
@article{michoski2019solving,
  title={Solving irregular and data-enriched differential equations using deep neural networks},
  author={Michoski, Craig and Milosavljevic, Milos and Oliver, Todd and Hatch, David},
  journal={arXiv preprint arXiv:1905.04351},
  year={2019}
}

# NS_informed_deepLearningFramework_Karniadakis.pdf
@article{raissi2018hidden,
  title={Hidden fluid mechanics: A Navier-Stokes informed deep learning framework for assimilating flow visualization data},
  author={Raissi, Maziar and Yazdani, Alireza and Karniadakis, George Em},
  journal={arXiv preprint arXiv:1808.04327},
  year={2018}
}

# autoDiff_survey.pdf
@article{baydin2018automatic,
  title={Automatic differentiation in machine learning: a survey},
  author={Baydin, Atilim Gunes and Pearlmutter, Barak A and Radul, Alexey Andreyevich and Siskind, Jeffrey Mark},
  journal={Journal of Marchine Learning Research},
  volume={18},
  pages={1--43},
  year={2018},
  publisher={Microtome Publishing}
}

# adaptiveActivationFunctions_PINN.pdf
@article{jagtap2020adaptive,
  title={Adaptive activation functions accelerate convergence in deep and physics-informed neural networks},
  author={Jagtap, Ameya D and Kawaguchi, Kenji and Karniadakis, George Em},
  journal={Journal of Computational Physics},
  volume={404},
  pages={109136},
  year={2020},
  publisher={Elsevier}
}

# general papers---------------------------------------------------------------
# cGAN_airfoilInveseDesign.pdf
@inproceedings{yilmaz2020conditional,
  title={Conditional generative adversarial network framework for airfoil inverse design},
  author={Yilmaz, Emre and German, Brian},
  booktitle={AIAA aviation 2020 forum},
  pages={3185},
  year={2020}
}

# ComplexPhysicsWithGraphNetworks_GNS.pdf
@misc{sanchezgonzalez2020learning,
      title={Learning to Simulate Complex Physics with Graph Networks},
      author={Alvaro Sanchez-Gonzalez and Jonathan Godwin and Tobias Pfaff and Rex Ying and Jure Leskovec and Peter W. Battaglia},
      year={2020},
      eprint={2002.09405},
      archivePrefix={arXiv},
      primaryClass={cs.LG}
}

# PI_DeepONet.pdf
@misc{goswami2022physicsinformed,
      title={Physics-Informed Deep Neural Operator Networks},
      author={Somdatta Goswami and Aniruddha Bora and Yue Yu and George Em Karniadakis},
      year={2022},
      eprint={2207.05748},
      archivePrefix={arXiv},
      primaryClass={cs.LG}
}

# MultiFidelity_DeepONets.pdf
@misc{howard2022multifidelity,
      title={Multifidelity Deep Operator Networks},
      author={Amanda A. Howard and Mauro Perego and George E. Karniadakis and Panos Stinis},
      year={2022},
      eprint={2204.09157},
      archivePrefix={arXiv},
      primaryClass={math.NA}
}

# parallelPINN_domainDecomposition.pdf
@article{shukla2021parallel,
  title={Parallel physics-informed neural networks via domain decomposition},
  author={Shukla, Khemraj and Jagtap, Ameya D and Karniadakis, George Em},
  journal={Journal of Computational Physics},
  volume={447},
  pages={110683},
  year={2021},
  publisher={Elsevier}
}

# DeepONet_basicPaper.pdf
@article{lu2019deeponet,
  title={Deeponet: Learning nonlinear operators for identifying differential equations based on the universal approximation theorem of operators},
  author={Lu, Lu and Jin, Pengzhan and Karniadakis, George Em},
  journal={arXiv preprint arXiv:1910.03193},
  year={2019}
}

# deepONet_basic_1.pdf
@article{lu2021learning,
  title={Learning nonlinear operators via DeepONet based on the universal approximation theorem of operators},
  author={Lu, Lu and Jin, Pengzhan and Pang, Guofei and Zhang, Zhongqiang and Karniadakis, George Em},
  journal={Nature machine intelligence},
  volume={3},
  number={3},
  pages={218--229},
  year={2021},
  publisher={Nature Publishing Group UK London}
}

# AEAT-03-2016-0050.pdf
@article{saderla2018parameter,
  title={Parameter estimation of UAV from flight data using neural network},
  author={Saderla, Subrahmanyam and Ghosh, Ajoy Kanti},
  journal={Aircraft Engineering and Aerospace Technology},
  volume={90},
  number={2},
  pages={302--311},
  year={2018},
  publisher={Emerald Publishing Limited}
}

# scalarAndTimedependentParams_identification_PINN.pdf
@article{grimm2022estimating,
  title={Estimating the time-dependent contact rate of SIR and SEIR models in mathematical epidemiology using physics-informed neural networks},
  author={Grimm, Viktor and Heinlein, Alexander and Klawonn, Axel and Lanser, Martin and Weber, Janine},
  journal={Electronic Transactions on Numerical Analysis},
  volume={56},
  pages={1--27},
  year={2022},
  publisher={Kent State University}
}

# MethodologyDevelopmentofaFree-FlightParameterEstimationTechniqueUsingPhysics-InformedNeuralNetworks.pdf
@inproceedings{michek2023methodology,
  title={Methodology Development of a Free-Flight Parameter Estimation Technique Using Physics-Informed Neural Networks},
  author={Michek, Nathaniel and Mehta, Piyush and Huebsch, Wade},
  booktitle={2023 IEEE Aerospace Conference},
  pages={1--18},
  year={2023},
  organization={IEEE}
}

# klien book
@book{morelli2016aircraft,
  title={Aircraft system identification: theory and practice},
  author={Morelli, Eugene A and Klein, Vladislav},
  volume={2},
  year={2016},
  publisher={Sunflyte Enterprises Williamsburg, VA}
}

# ANN implementation in aerodynamic estimation problem (AIAA) (no pdf available)
@incollection{hess1993use,
  title={On the use of back propagation with feed-forward neural networks forthe aerodynamic estimation problem},
  author={Hess, Robert},
  booktitle={Flight Simulation and Technologies},
  pages={3638},
  year={1993}
}

# youssef1993.pdf
@incollection{youssef1993estimation,
  title={Estimation of aerodynamic coefficients using neural networks},
  author={Youssef, Hussein and Juang, Jyh-Ching},
  booktitle={Flight Simulation and Technologies},
  pages={3639},
  year={1993}
}

# parameter estimation using RNN; raol1995.pdf
@inproceedings{raol1995aircraft,
  title={Aircraft parameter estimation using recurrent neural networks-A critical appraisal},
  author={Raol, J and Jategaonkar, R},
  booktitle={20th Atmospheric Flight Mechanics Conference},
  pages={3504},
  year={1995}
}

# missile estimation; singh2006_MLE_ML_missile.pdf
@inproceedings{singh2006parameter,
  title={Parameter estimation from flight data of a missile using maximum likelihood and neural network method},
  author={Singh, Sanjay and Ghosh, Ajoy},
  booktitle={AIAA Atmospheric Flight Mechanics Conference and Exhibit},
  pages={6284},
  year={2006}
}

# hansa paper; Aircraft parameter estimation using a new filtering technique based upon a neural network and Gauss-Newton method.pdf
@article{peyada2009aircraft,
  title={Aircraft parameter estimation using a new filtering technique based upon a neural network and Gauss-Newton method},
  author={Peyada, Naba Kumar and Ghosh, Ajoy K},
  journal={The Aeronautical Journal},
  volume={113},
  number={1142},
  pages={243--252},
  year={2009},
  publisher={Cambridge University Press}
}

# windtunnel data for hansa aircraft (No pdf)
@article{rangaranjan1997wind,
  title={Wind tunnel test results on a 1/5 scale HANSA model},
  author={Rangaranjan, R and Vishwanathan, S},
  journal={NAL TR-01},
  pages={1},
  year={1997}
}

# universal approximation theorm references------------------------------------
@article{cybenko1989approximation,
  title={Approximation by superpositions of a sigmoidal function},
  author={Cybenko, George},
  journal={Mathematics of control, signals and systems},
  volume={2},
  number={4},
  pages={303--314},
  year={1989},
  publisher={Springer}
}

@article{hornik1989multilayer,
  title={Multilayer feedforward networks are universal approximators},
  author={Hornik, Kurt and Stinchcombe, Maxwell and White, Halbert},
  journal={Neural networks},
  volume={2},
  number={5},
  pages={359--366},
  year={1989},
  publisher={Elsevier}
}

@inproceedings{kolmogorov1957representation,
  title={On the representation of continuous functions of many variables by superposition of continuous functions of one variable and addition},
  author={Kolmogorov, Andrei Nikolaevich},
  booktitle={Doklady Akademii Nauk},
  volume={114},
  number={5},
  pages={953--956},
  year={1957},
  organization={Russian Academy of Sciences}
}

# universal approximation theorm for operators
@article{chen1995universal,
  title={Universal approximation to nonlinear operators by neural networks with arbitrary activation functions and its application to dynamical systems},
  author={Chen, Tianping and Chen, Hong},
  journal={IEEE transactions on neural networks},
  volume={6},
  number={4},
  pages={911--917},
  year={1995},
  publisher={IEEE}
}

# mavris-2018.pdf
@inproceedings{zhang2018application,
  title={Application of convolutional neural network to predict airfoil lift coefficient},
  author={Zhang, Yao and Sung, Woong Je and Mavris, Dimitri N},
  booktitle={2018 AIAA/ASCE/AHS/ASC structures, structural dynamics, and materials conference},
  pages={1903},
  year={2018}
}

# wiki entry for hansa aircraft
@misc{Wiki_Hansa,
  title = {{NAL Hansa} Wikipedia reference},
  howpublished = {\url{https://en.wikipedia.org/wiki/NAL_Hansa}},
  note = {Accessed: 2023-11-14}
}

# scipy entry for synthetic data generation
@misc{Scipy_Radau,
    title = {{Scipy Python library} implicit initial value problem solver},
  howpublished = {\url{https://docs.scipy.org/doc/scipy/reference/generated/scipy.integrate.solve_ivp.html}},
  note = {Accessed: 2023-11-15}
}

# PI_DeepONets_EqnSol.pdf
@article{wang2021learning,
  title={Learning the solution operator of parametric partial differential equations with physics-informed DeepONets},
  author={Wang, Sifan and Wang, Hanwen and Perdikaris, Paris},
  journal={Science advances},
  volume={7},
  number={40},
  pages={eabi8605},
  year={2021},
  publisher={American Association for the Advancement of Science}
}

# NN_SI_survey.pdf
@article{pillonetto2023deep,
  title={Deep networks for system identification: a Survey},
  author={Pillonetto, Gianluigi and Aravkin, Aleksandr and Gedon, Daniel and Ljung, Lennart and Ribeiro, Ant{\^o}nio H and Sch{\"o}n, Thomas B},
  journal={arXiv preprint arXiv:2301.12832},
  year={2023}
}

# SI_book
@article{simpkins2012system,
  title={System identification: Theory for the user, (ljung, l.; 1999)[on the shelf]},
  author={Simpkins, Alex},
  journal={IEEE Robotics \& Automation Magazine},
  volume={19},
  number={2},
  pages={95--96},
  year={2012},
  publisher={IEEE}
}

# saturation in neural networks (didn't download - online)
@inproceedings{rakitianskaia2015measuring,
  title={Measuring saturation in neural networks},
  author={Rakitianskaia, Anna and Engelbrecht, Andries},
  booktitle={2015 IEEE symposium series on computational intelligence},
  pages={1423--1430},
  year={2015},
  organization={IEEE}
}


#------------------------------------------------------------------------------
# LAS paper on atomic fingerprint
@article{du2019mid,
  title={Mid-infrared tunable laser-based broadband fingerprint absorption spectroscopy for trace gas sensing: A review},
  author={Du, Zhenhui and Zhang, Shuai and Li, Jinyi and Gao, Nan and Tong, Kebin},
  journal={Applied sciences},
  volume={9},
  number={2},
  pages={338},
  year={2019},
  publisher={MDPI}
}

# HITRAN database
@article{gordon2017hitran2016,
  title={The HITRAN2016 molecular spectroscopic database},
  author={Gordon, Iouli E and Rothman, Laurence S and Hill, Christian and Kochanov, Roman V and Tan, Y and Bernath, Peter F and Birk, Manfred and Boudon, V and Campargue, Alain and Chance, KV and others},
  journal={Journal of Quantitative Spectroscopy and Radiative Transfer},
  volume={203},
  pages={3--69},
  year={2017},
  publisher={Elsevier}
}

# beer lambert's law
@article{li2020standoff,
  title={Standoff chemical detection using laser absorption spectroscopy: a review},
  author={Li, Jinyi and Yu, Ziwei and Du, Zhenhui and Ji, Yue and Liu, Chang},
  journal={Remote Sensing},
  volume={12},
  number={17},
  pages={2771},
  year={2020},
  publisher={MDPI}
}

# latin hypercube sampling
@article{helton2003latin,
  title={Latin hypercube sampling and the propagation of uncertainty in analyses of complex systems},
  author={Helton, Jon C and Davis, Freddie Joe},
  journal={Reliability Engineering \& System Safety},
  volume={81},
  number={1},
  pages={23--69},
  year={2003},
  publisher={Elsevier}
}

# chebyshev series book
@book{trefethen2019approximation,
  title={Approximation theory and approximation practice, extended edition},
  author={Trefethen, Lloyd N},
  year={2019},
  publisher={SIAM}
}

# fourier series book
@book{tolstov2012fourier,
  title={Fourier series},
  author={Tolstov, Georgi P},
  year={2012},
  publisher={Courier Corporation}
}

% runge phenomenon
@article{fornberg2007runge,
  title={The Runge phenomenon and spatially variable shape parameters in RBF interpolation},
  author={Fornberg, Bengt and Zuev, Julia},
  journal={Computers \& Mathematics with Applications},
  volume={54},
  number={3},
  pages={379--398},
  year={2007},
  publisher={Elsevier}
}

# local approximation
@article{tsybakov1986robust,
  title={Robust reconstruction of functions by the local-approximation method},
  author={Tsybakov, Aleksandr Borisovich},
  journal={Problemy Peredachi Informatsii},
  volume={22},
  number={2},
  pages={69--84},
  year={1986},
  publisher={Russian Academy of Sciences, Branch of Informatics, Computer Equipment and~…}
}

# first paper piecewise approximation
@article{varol2020comparison,
  title={Comparison of piecewise regression and polynomial regression analyses in health and simulation data sets},
  author={Varol, Bu{\u{g}}ra and Omurlu, {\.I}mran Kurt and T{\"u}re, Mevl{\"u}t},
  journal={S{\"u}leyman Demirel {\"U}niversitesi Sa{\u{g}}l{\i}k Bilimleri Dergisi},
  volume={11},
  number={2},
  pages={144--151},
  year={2020},
  publisher={S{\"u}leyman Demirel University}
}

# spectroscopy book
@book{hanson2016spectroscopy,
  title={Spectroscopy and optical diagnostics for gases},
  author={Hanson, Ronald K and Spearrin, R Mitchell and Goldenstein, Christopher S},
  volume={1},
  year={2016},
  publisher={Springer}
}

# gaussian white noise
@article{lepskii1991problem,
  title={On a problem of adaptive estimation in Gaussian white noise},
  author={Lepskii, OV},
  journal={Theory of Probability \& Its Applications},
  volume={35},
  number={3},
  pages={454--466},
  year={1991},
  publisher={SIAM}
}

# feature engineering
@article{turner1999conceptual,
  title={A conceptual basis for feature engineering},
  author={Turner, C Reid and Fuggetta, Alfonso and Lavazza, Luigi and Wolf, Alexander L},
  journal={Journal of Systems and Software},
  volume={49},
  number={1},
  pages={3--15},
  year={1999},
  publisher={Elsevier}
}

# back propagation equations site reference
@misc{backpropagation_reference,
    title = {Deriving the backpropagation equations from scratch (part 1)},
  howpublished = {\url{https://towardsdatascience.com/deriving-the-backpropagation-equations-from-scratch-part-1-343b300c585a}},
  note = {Accessed: 2024-07-01}
}
