# papers cited Mavris----------------------------------------------------------
# aerodynamicShapeOptimization.pdf
@article{li2022machine,
  title={Machine learning in aerodynamic shape optimization},
  author={Li, Jichao and Du, Xiaosong and Martins, Joaquim RRA},
  journal={Progress in Aerospace Sciences},
  volume={134},
  pages={100849},
  year={2022},
  publisher={Elsevier}
}

# airfoil_analysis_and_designOptimization.pdf
@article{li2019data,
  title={Data-based approach for fast airfoil analysis and optimization},
  author={Li, Jichao and Bouhlel, Mohamed Amine and Martins, Joaquim RRA},
  journal={AIAA Journal},
  volume={57},
  number={2},
  pages={581--596},
  year={2019},
  publisher={American Institute of Aeronautics and Astronautics}
}

# airfoil_shape_design_scalableGradient.pdf
@article{bouhlel2020scalable,
  title={Scalable gradient--enhanced artificial neural networks for airfoil shape design in the subsonic and transonic regimes},
  author={Bouhlel, Mohamed Amine and He, Sicheng and Martins, Joaquim RRA},
  journal={Structural and Multidisciplinary Optimization},
  volume={61},
  pages={1363--1376},
  year={2020},
  publisher={Springer}
}

# AirfoilGAN_designOptimization.pdf
@article{wang2021airfoil,
  title={Airfoil gan: Encoding and synthesizing airfoils foraerodynamic-aware shape optimization},
  author={Wang, Yuyang and Shimada, Kenji and Farimani, Amir Barati},
  journal={arXiv preprint arXiv:2101.04757},
  year={2021}
}

# CNN_AutoEncoder_FlowPrediction.pdf
@article{morimoto2021convolutional,
  title={Convolutional neural networks for fluid flow analysis: toward effective metamodeling and low dimensionalization},
  author={Morimoto, Masaki and Fukami, Kai and Zhang, Kai and Nair, Aditya G and Fukagata, Koji},
  journal={Theoretical and Computational Fluid Dynamics},
  volume={35},
  number={5},
  pages={633--658},
  year={2021},
  publisher={Springer}
}

# conditionalGAN_airfoilDesignOptimization.pdf
@inproceedings{achour2020development,
  title={Development of a conditional generative adversarial network for airfoil shape optimization},
  author={Achour, Gabriel and Sung, Woong Je and Pinon-Fischer, Olivia J and Mavris, Dimitri N},
  booktitle={AIAA Scitech 2020 Forum},
  pages={2261},
  year={2020}
}

# dualCNN_AD_prediction.pdf
@article{wang2021dual,
  title={Dual-convolutional neural network based aerodynamic prediction and multi-objective optimization of a compact turbine rotor},
  author={Wang, Yuqi and Liu, Tianyuan and Zhang, Di and Xie, Yonghui},
  journal={Aerospace Science and Technology},
  volume={116},
  pages={106869},
  year={2021},
  publisher={Elsevier}
}

# GNN_FlowPrediction.pdf
@article{chen2021graph,
  title={Graph neural networks for laminar flow prediction around random two-dimensional shapes},
  author={Chen, Junfeng and Hachem, Elie and Viquerat, Jonathan},
  journal={Physics of Fluids},
  volume={33},
  number={12},
  pages={123607},
  year={2021},
  publisher={AIP Publishing LLC}
}

# invDesign_af_CNN.pdf
@article{sekar2019inverse,
  title={Inverse design of airfoil using a deep convolutional neural network},
  author={Sekar, Vinothkumar and Zhang, Mengqi and Shu, Chang and Khoo, Boo Cheong},
  journal={Aiaa Journal},
  volume={57},
  number={3},
  pages={993--1003},
  year={2019},
  publisher={American Institute of Aeronautics and Astronautics}
}

# InvertibleNN_airfoilDesign.pdf
@article{glaws2022invertible,
  title={Invertible neural networks for airfoil design},
  author={Glaws, Andrew and King, Ryan N and Vijayakumar, Ganesh and Ananthan, Shreyas},
  journal={AIAA Journal},
  volume={60},
  number={5},
  pages={3035--3047},
  year={2022},
  publisher={American Institute of Aeronautics and Astronautics}
}

# ML_in_flowModeling_and_Control.pdf
@article{li2022recent,
  title={Recent progress of machine learning in flow modeling and active flow control},
  author={Li, Yunfei and Chang, Juntao and Kong, Chen and Bao, Wen},
  journal={Chinese Journal of Aeronautics},
  volume={35},
  number={4},
  pages={14--44},
  year={2022},
  publisher={Elsevier}
}

# NeurIPS-2020-solver-in-the-loop-learning-from-differentiable-physics-to-interact-with-iterative-pde-solvers-Paper.pdf
@article{um2020solver,
  title={Solver-in-the-loop: Learning from differentiable physics to interact with iterative pde-solvers},
  author={Um, Kiwon and Brand, Robert and Fei, Yun Raymond and Holl, Philipp and Thuerey, Nils},
  journal={Advances in Neural Information Processing Systems},
  volume={33},
  pages={6111--6122},
  year={2020}
}

# PGML_simplifiedTheories.pdf
@article{pawar2021physics,
  title={Physics guided machine learning using simplified theories},
  author={Pawar, Suraj and San, Omer and Aksoylu, Burak and Rasheed, Adil and Kvamsdal, Trond},
  journal={Physics of Fluids},
  volume={33},
  number={1},
  pages={011701},
  year={2021},
  publisher={AIP Publishing LLC}
}

# PhysicsBasedConstraint_AD_shapeOptimization.pdf
@article{li2022physics,
  title={Physics-based data-driven buffet-onset constraint for aerodynamic shape optimization},
  author={Li, Jichao and He, Sicheng and Zhang, Mengqi and Martins, Joaquim RRA and Cheong Khoo, Boo},
  journal={AIAA Journal},
  volume={60},
  number={8},
  pages={4775--4788},
  year={2022},
  publisher={American Institute of Aeronautics and Astronautics}
}

# PointNet_FlowFieldPrediction.pdf
@article{kashefi2021point,
  title={A point-cloud deep learning framework for prediction of fluid flow fields on irregular geometries},
  author={Kashefi, Ali and Rempe, Davis and Guibas, Leonidas J},
  journal={Physics of Fluids},
  volume={33},
  number={2},
  pages={027104},
  year={2021},
  publisher={AIP Publishing LLC}
}

# ROM_temporalCNN.pdf
@article{wu2020data,
  title={Data-driven reduced order model with temporal convolutional neural network},
  author={Wu, Pin and Sun, Junwu and Chang, Xuting and Zhang, Wenjie and Arcucci, Rossella and Guo, Yike and Pain, Christopher C},
  journal={Computer Methods in Applied Mechanics and Engineering},
  volume={360},
  pages={112766},
  year={2020},
  publisher={Elsevier}
}

# super-resolution-reconstruction-of-turbulent-flows-with-machine-learning.pdf
@article{fukami2019super,
  title={Super-resolution reconstruction of turbulent flows with machine learning},
  author={Fukami, Kai and Fukagata, Koji and Taira, Kunihiko},
  journal={Journal of Fluid Mechanics},
  volume={870},
  pages={106--120},
  year={2019},
  publisher={Cambridge University Press}
}

# surrograteModelling_ADdesign.pdf
@article{sun2019review,
  title={A review of the artificial neural network surrogate modeling in aerodynamic design},
  author={Sun, Gang and Wang, Shuyue},
  journal={Proceedings of the Institution of Mechanical Engineers, Part G: Journal of Aerospace Engineering},
  volume={233},
  number={16},
  pages={5863--5872},
  year={2019},
  publisher={SAGE Publications Sage UK: London, England}
}

# UNet_RANS_airfoilFlow.pdf
@article{thuerey2020deep,
  title={Deep learning methods for Reynolds-averaged Navier--Stokes simulations of airfoil flows},
  author={Thuerey, Nils and Wei{\ss}enow, Konstantin and Prantl, Lukas and Hu, Xiangyu},
  journal={AIAA Journal},
  volume={58},
  number={1},
  pages={25--36},
  year={2020},
  publisher={American Institute of Aeronautics and Astronautics}
}

# wingDesignOptimization.pdf
@article{li2021data,
  title={Data-based approach for wing shape design optimization},
  author={Li, Jichao and Zhang, Mengqi},
  journal={Aerospace Science and Technology},
  volume={112},
  pages={106639},
  year={2021},
  publisher={Elsevier}
}

# PINN papers referring Raissi-------------------------------------------------
# Maziar Raisi first paper
@article{raissi2017physics,
  title={Physics informed deep learning (part i): Data-driven solutions of nonlinear partial differential equations},
  author={Raissi, Maziar and Perdikaris, Paris and Karniadakis, George Em},
  journal={arXiv preprint arXiv:1711.10561},
  year={2017}
}

# Mariar Raissi paper
@article{raissi2019physics,
  title={Physics-informed neural networks: A deep learning framework for solving forward and inverse problems involving nonlinear partial differential equations},
  author={Raissi, Maziar and Perdikaris, Paris and Karniadakis, George E},
  journal={Journal of Computational physics},
  volume={378},
  pages={686--707},
  year={2019},
  publisher={Elsevier}
}

# DeepGalerkinMethod_PDESol.pdf
@article{sirignano2018dgm,
  title={DGM: A deep learning algorithm for solving partial differential equations},
  author={Sirignano, Justin and Spiliopoulos, Konstantinos},
  journal={Journal of computational physics},
  volume={375},
  pages={1339--1364},
  year={2018},
  publisher={Elsevier}
}

# karniadakis-highSpeed-flows-22.pdf
@article{mao2020physics,
  title={Physics-informed neural networks for high-speed flows},
  author={Mao, Zhiping and Jagtap, Ameya D and Karniadakis, George Em},
  journal={Computer Methods in Applied Mechanics and Engineering},
  volume={360},
  pages={112789},
  year={2020},
  publisher={Elsevier}
}

# NSFNets_PINN_NavierStokes.pdf
@article{jin2021nsfnets,
  title={NSFnets (Navier-Stokes flow nets): Physics-informed neural networks for the incompressible Navier-Stokes equations},
  author={Jin, Xiaowei and Cai, Shengze and Li, Hui and Karniadakis, George Em},
  journal={Journal of Computational Physics},
  volume={426},
  pages={109951},
  year={2021},
  publisher={Elsevier}
}

# PINN_for_FM.pdf
@article{cai2021physics,
  title={Physics-informed neural networks (PINNs) for fluid mechanics: A review},
  author={Cai, Shengze and Mao, Zhiping and Wang, Zhicheng and Yin, Minglang and Karniadakis, George Em},
  journal={Acta Mechanica Sinica},
  volume={37},
  number={12},
  pages={1727--1738},
  year={2021},
  publisher={Springer}
}

# dwivedi2020.pdf
@article{dwivedi2021distributed,
  title={Distributed learning machines for solving forward and inverse problems in partial differential equations},
  author={Dwivedi, Vikas and Parashar, Nishant and Srinivasan, Balaji},
  journal={Neurocomputing},
  volume={420},
  pages={299--316},
  year={2021},
  publisher={Elsevier}
}

# NeurIPSW2020_ConvNeuralODE_RG.pdf
@inproceedings{shankar2020learning,
  title={Learning non-linear spatio-temporal dynamics with convolutional Neural ODEs},
  author={Shankar, Varun and Portwood, G and Mohan, A and Mitra, P and Rackauckas, Christopher and Wilson, L and Schmidt, David and Viswanathan, Venkatasubramanian},
  booktitle={Third Workshop on Machine Learning and the Physical Sciences (NeurIPS 2020)},
  year={2020}
}

# papers from karniadakis high speed flows-------------------------------------
# pang2019.pdf
@article{pang2019fpinns,
  title={fPINNs: Fractional physics-informed neural networks},
  author={Pang, Guofei and Lu, Lu and Karniadakis, George Em},
  journal={SIAM Journal on Scientific Computing},
  volume={41},
  number={4},
  pages={A2603--A2626},
  year={2019},
  publisher={SIAM}
}

# PI_GANs_karniadkis.pdf
@article{yang2018physics,
  title={Physics-informed generative adversarial networks for stochastic differential equations},
  author={Yang, Liu and Zhang, Dongkun and Karniadakis, George Em},
  journal={arXiv preprint arXiv:1811.02033},
  year={2018}
}

# DE_sol_using_DNN_Hatch.pdf
@article{michoski2019solving,
  title={Solving irregular and data-enriched differential equations using deep neural networks},
  author={Michoski, Craig and Milosavljevic, Milos and Oliver, Todd and Hatch, David},
  journal={arXiv preprint arXiv:1905.04351},
  year={2019}
}

# NS_informed_deepLearningFramework_Karniadakis.pdf
@article{raissi2018hidden,
  title={Hidden fluid mechanics: A Navier-Stokes informed deep learning framework for assimilating flow visualization data},
  author={Raissi, Maziar and Yazdani, Alireza and Karniadakis, George Em},
  journal={arXiv preprint arXiv:1808.04327},
  year={2018}
}

# autoDiff_survey.pdf
@article{baydin2018automatic,
  title={Automatic differentiation in machine learning: a survey},
  author={Baydin, Atilim Gunes and Pearlmutter, Barak A and Radul, Alexey Andreyevich and Siskind, Jeffrey Mark},
  journal={Journal of Marchine Learning Research},
  volume={18},
  pages={1--43},
  year={2018},
  publisher={Microtome Publishing}
}

# adaptiveActivationFunctions_PINN.pdf
@article{jagtap2020adaptive,
  title={Adaptive activation functions accelerate convergence in deep and physics-informed neural networks},
  author={Jagtap, Ameya D and Kawaguchi, Kenji and Karniadakis, George Em},
  journal={Journal of Computational Physics},
  volume={404},
  pages={109136},
  year={2020},
  publisher={Elsevier}
}

# general papers---------------------------------------------------------------
# cGAN_airfoilInveseDesign.pdf
@inproceedings{yilmaz2020conditional,
  title={Conditional generative adversarial network framework for airfoil inverse design},
  author={Yilmaz, Emre and German, Brian},
  booktitle={AIAA aviation 2020 forum},
  pages={3185},
  year={2020}
}

# ComplexPhysicsWithGraphNetworks_GNS.pdf
@misc{sanchezgonzalez2020learning,
      title={Learning to Simulate Complex Physics with Graph Networks},
      author={Alvaro Sanchez-Gonzalez and Jonathan Godwin and Tobias Pfaff and Rex Ying and Jure Leskovec and Peter W. Battaglia},
      year={2020},
      eprint={2002.09405},
      archivePrefix={arXiv},
      primaryClass={cs.LG}
}

# PI_DeepONet.pdf
// @misc{goswami2022physicsinformed,
//       title={Physics-Informed Deep Neural Operator Networks},
//       author={Somdatta Goswami and Aniruddha Bora and Yue Yu and George Em Karniadakis},
//       year={2022},
//       eprint={2207.05748},
//       archivePrefix={arXiv},
//       primaryClass={cs.LG}
// }
@incollection{goswami2023physics,
  title={Physics-informed deep neural operator networks},
  author={Goswami, Somdatta and Bora, Aniruddha and Yu, Yue and Karniadakis, George Em},
  booktitle={Machine Learning in Modeling and Simulation: Methods and Applications},
  pages={219--254},
  year={2023},
  publisher={Springer}
}

# MultiFidelity_DeepONets.pdf
@misc{howard2022multifidelity,
      title={Multifidelity Deep Operator Networks},
      author={Amanda A. Howard and Mauro Perego and George E. Karniadakis and Panos Stinis},
      year={2022},
      eprint={2204.09157},
      archivePrefix={arXiv},
      primaryClass={math.NA}
}

# parallelPINN_domainDecomposition.pdf
@article{shukla2021parallel,
  title={Parallel physics-informed neural networks via domain decomposition},
  author={Shukla, Khemraj and Jagtap, Ameya D and Karniadakis, George Em},
  journal={Journal of Computational Physics},
  volume={447},
  pages={110683},
  year={2021},
  publisher={Elsevier}
}

# DeepONet_basicPaper.pdf
@article{lu2019deeponet,
  title={Deeponet: Learning nonlinear operators for identifying differential equations based on the universal approximation theorem of operators},
  author={Lu, Lu and Jin, Pengzhan and Karniadakis, George Em},
  journal={arXiv preprint arXiv:1910.03193},
  year={2019}
}

# deepONet_basic_1.pdf
@article{lu2021learning,
  title={Learning nonlinear operators via DeepONet based on the universal approximation theorem of operators},
  author={Lu, Lu and Jin, Pengzhan and Pang, Guofei and Zhang, Zhongqiang and Karniadakis, George Em},
  journal={Nature machine intelligence},
  volume={3},
  number={3},
  pages={218--229},
  year={2021},
  publisher={Nature Publishing Group UK London}
}

# AEAT-03-2016-0050.pdf
@article{saderla2018parameter,
  title={Parameter estimation of UAV from flight data using neural network},
  author={Saderla, Subrahmanyam and Ghosh, Ajoy Kanti},
  journal={Aircraft Engineering and Aerospace Technology},
  volume={90},
  number={2},
  pages={302--311},
  year={2018},
  publisher={Emerald Publishing Limited}
}

# scalarAndTimedependentParams_identification_PINN.pdf
@article{grimm2022estimating,
  title={Estimating the time-dependent contact rate of SIR and SEIR models in mathematical epidemiology using physics-informed neural networks},
  author={Grimm, Viktor and Heinlein, Alexander and Klawonn, Axel and Lanser, Martin and Weber, Janine},
  journal={Electronic Transactions on Numerical Analysis},
  volume={56},
  pages={1--27},
  year={2022},
  publisher={Kent State University}
}

# MethodologyDevelopmentofaFree-FlightParameterEstimationTechniqueUsingPhysics-InformedNeuralNetworks.pdf
@inproceedings{michek2023methodology,
  title={Methodology Development of a Free-Flight Parameter Estimation Technique Using Physics-Informed Neural Networks},
  author={Michek, Nathaniel and Mehta, Piyush and Huebsch, Wade},
  booktitle={2023 IEEE Aerospace Conference},
  pages={1--18},
  year={2023},
  organization={IEEE}
}

# klien book
@book{morelli2016aircraft,
  title={Aircraft system identification: theory and practice},
  author={Morelli, Eugene A and Klein, Vladislav},
  volume={2},
  year={2016},
  publisher={Sunflyte Enterprises Williamsburg, VA}
}

# universal approximation theorm
@article{hornik1989multilayer,
  title={Multilayer feedforward networks are universal approximators},
  author={Hornik, Kurt and Stinchcombe, Maxwell and White, Halbert},
  journal={Neural networks},
  volume={2},
  number={5},
  pages={359--366},
  year={1989},
  publisher={Elsevier}
}

# universal approximation theorem for operator
@article{chen1995universal,
  title={Universal approximation to nonlinear operators by neural networks with arbitrary activation functions and its application to dynamical systems},
  author={Chen, Tianping and Chen, Hong},
  journal={IEEE transactions on neural networks},
  volume={6},
  number={4},
  pages={911--917},
  year={1995},
  publisher={IEEE}
}

# PI_DeepONets_EqnSol.pdf
@article{wang2021learning,
  title={Learning the solution operator of parametric partial differential equations with physics-informed DeepONets},
  author={Wang, Sifan and Wang, Hanwen and Perdikaris, Paris},
  journal={Science advances},
  volume={7},
  number={40},
  pages={eabi8605},
  year={2021},
  publisher={American Association for the Advancement of Science}
}
